<record><leader>00000cas a22000007a 4500</leader><controlfield tag="001">11800658</controlfield><controlfield tag="008">850313d18731875ncudn ne      0    0eng  </controlfield><controlfield tag="009">466</controlfield><datafield ind1=" " ind2=" " tag="010"><subfield code="a">sn 85042125 </subfield></datafield><datafield ind1=" " ind2=" " tag="040"><subfield code="a">DLC</subfield><subfield code="b">eng</subfield><subfield code="c">DLC</subfield><subfield code="d">NPX</subfield><subfield code="d">MGN</subfield><subfield code="d">NVJ</subfield><subfield code="d">NVF</subfield><subfield code="d">DLC</subfield><subfield code="d">OCLCQ</subfield></datafield><datafield ind1="1" ind2=" " tag="029"><subfield code="a">AU@</subfield><subfield code="b">000026224210</subfield></datafield><datafield ind1=" " ind2=" " tag="042"><subfield code="a">msc</subfield></datafield><datafield ind1="0" ind2="0" tag="050"><subfield code="a">Newspaper</subfield></datafield><datafield ind1="0" ind2="4" tag="245"><subfield code="a">The New Berne times.</subfield></datafield><datafield ind1="1" ind2="3" tag="246"><subfield code="a">New Berne daily times</subfield></datafield><datafield ind1=" " ind2=" " tag="260"><subfield code="a">New Berne, N.C. :</subfield><subfield code="b">E. Hubbs,</subfield><subfield code="c">1873-</subfield></datafield><datafield ind1=" " ind2=" " tag="300"><subfield code="a">v. ;</subfield><subfield code="c">60 cm.</subfield></datafield><datafield ind1=" " ind2=" " tag="310"><subfield code="a">Daily (except Monday)</subfield></datafield><datafield ind1="0" ind2=" " tag="362"><subfield code="a">Vol. 11, no. 185 (Mar. 28, 1873)-</subfield></datafield><datafield ind1="1" ind2=" " tag="362"><subfield code="a">Ceased in 1875?</subfield></datafield><datafield ind1=" " ind2=" " tag="500"><subfield code="a">Republican.</subfield></datafield><datafield ind1=" " ind2=" " tag="752"><subfield code="a">United States</subfield><subfield code="b">North Carolina</subfield><subfield code="c">Craven</subfield><subfield code="d">New Bern.</subfield></datafield><datafield ind1="0" ind2=" " tag="775"><subfield code="t">New Berne weekly times (New Berne, N.C. : 1873)</subfield><subfield code="w">(DLC)sn 84026446</subfield></datafield><datafield ind1="0" ind2=" " tag="775"><subfield code="t">New Berne weekly times and Republic-courier</subfield><subfield code="w">(DLC)sn 85026871</subfield></datafield><datafield ind1="0" ind2="0" tag="780"><subfield code="t">New Berne daily times</subfield><subfield code="w">(DLC)sn 85042124</subfield></datafield></record>